@Misc{schiesser2012,
	author 				= {Tim Schiesser},
	title 				= {Guide to smartphone hardware (3/7): Memory and Storage},
	year 					= {2012},
	howpublished	= {URL: \url{http://www.neowin.net/news/guide-to-smartphone-hardware-37-memory-and-storage}},
	note 					= "[Online; accessed 14-January-2013]"
}


@article{goadrich2011,
    author  = "Mark H. Goadrich, Michael P. Rogers",
    title   = "Smart Smartphone Development: iOS versus Android",
    year    = "2011",
    journal = "SIGCSE '11 Proceedings of the 42nd ACM technical symposium on Computer science education",
    pages   = "607-612"
}


@Misc{frederick2012,
	author 				= {Michael Frederick},
	title 				= {Android vs iOS Development: A Developer's Perspective},
	year 					= {2012},
	howpublished	= {URL: \url{http://viamike.com/blog/post/android-vs-ios-development-a-developer-s-perspective}},
	note 					= "[Online; accessed 15-January-2013]"
}



@Misc{macincloud2013,
	author 				= {Macincloud},
	title 				= {Android vs iOS Development: A Developer's Perspective},
	year 					= {2013},
	howpublished	= {URL: \url{http://www.macincloud.com/}},
	note 					= "[Online; accessed 15-January-2013]"
}




@Misc{stackoverflow2013ios,
	author 				= {Stackoverflow},
	title 				= {Newest 'ios' Questions - Stack Overflow},
	year 					= {2013},
	howpublished	= {URL: \url{http://stackoverflow.com/questions/tagged/ios}},
	note 					= "[Online; accessed 15-January-2013]"
}



@Misc{stackoverflow2013android,
	author 				= {Stackoverflow},
	title 				= {Newest 'android' Questions - Stack Overflow},
	year 					= {2013},
	howpublished	= {URL: \url{http://stackoverflow.com/questions/tagged/android}},
	note 					= "[Online; accessed 15-January-2013]"
}



@Misc{stackoverflow2012,
	author 				= {Stackoverflow},
	title 				= {performance - Slow Android emulator - Stack Overflow},
	year 					= {2013},
	howpublished	= {URL: \url{http://stackoverflow.com/questions/1554099/slow-android-emulator}},
	note 					= "[Online; accessed 15-January-2013]"
}


@Misc{apple2013,
	author 				= {Apple},
	title 				= {Choosing an iOS Developer Program - Apple Developer},
	year 					= {2013},
	howpublished	= {URL: \url{https://developer.apple.com/programs/start/ios/}},
	note 					= "[Online; accessed 15-January-2013]"
}



@Misc{weimenglee2009,
	author 				= {Wei-Meng Lee},
	title 				= {Deploying iPhone Apps to Real Devices | mobiForge},
	year 					= {2009},
	howpublished	= {URL: \url{http://mobiforge.com/developing/story/deploying-iphone-apps-real-devices}},
	note 					= "[Online; accessed 15-January-2013]"
}



@Misc{android2013ui,
	author 				= {Android},
	title 				= {UI Overview | Android Developers},
	year 					= {2013},
	howpublished	= {URL: \url{http://developer.android.com/guide/topics/ui/overview.html}},
	note 					= "[Online; accessed 15-January-2013]"
}


@Misc{goetz2011,
	author 				= {Geoffrey Goetz},
	title 				= {Mac Dev Notes: iOS and Android Development Compared - Tech News and Analysis},
	year 					= {2011},
	howpublished	= {URL: \url{http://gigaom.com/2011/03/25/mac-dev-notes-ios-and-android-development-compared/}},
	note 					= "[Online; accessed 15-January-2013]"
}


@Misc{stanford2011,
	author 				= {Stanford University},
	title 				= {Lecture 1: MVC and Intro to Objective-C},
	year 					= {2011},
	howpublished	= {URL: \url{http://www.stanford.edu/class/cs193p/cgi-bin/drupal/system/files/lectures/Lecture%201_1.pdf}},
	note 					= "[Online; accessed 15-January-2013]"
}



@Misc{stackoverflow2010mcvandroid,
	author 				= {Stackoverflow},
	title 				= {java - MVC pattern in Android? - Stack Overflow},
	year 					= {2010},
	howpublished	= {URL: \url{http://stackoverflow.com/questions/2925054/mvc-pattern-in-android}},
	note 					= "[Online; accessed 15-January-2013]"
}



@Misc{therealjoshua2011,
	author 				= {Joshua Musselwhite},
	title 				= {Android Architecture: Part 1, Intro - Android Developer},
	year 					= {2011},
	howpublished	= {URL: \url{http://www.therealjoshua.com/2011/11/android-architecture-part-1-intro/}},
	note 					= "[Online; accessed 15-January-2013]"
}



@Misc{apple2013coredata,
	author 				= {Apple},
	title 				= {Core Data Programming Guide: Technology Overview},
	year 					= {2013},
	howpublished	= {URL: \url{http://developer.apple.com/library/mac/#documentation/cocoa/Conceptual/CoreData/Articles/cdTechnologyOverview.html#//apple_ref/doc/uid/TP40009296-SW1}},
	note 					= "[Online; accessed 15-January-2013]"
}